@book {Bruinier,
    AUTHOR = {Bruinier, Jan H.},
     TITLE = {Borcherds products on $ \mathrm{O}(2, l) $ and {C}hern classes of
              {H}eegner divisors},
    SERIES = {Lecture Notes in Mathematics},
    VOLUME = {1780},
 PUBLISHER = {Springer-Verlag, Berlin},
      YEAR = {2002},
     PAGES = {viii+152},
      ISBN = {3-540-43320-1},
   MRCLASS = {11F55 (11F23 11F27 11G18)},
  MRNUMBER = {1903920},
MRREVIEWER = {Rainer Schulze-Pillot},
       DOI = {10.1007/b83278},
       URL = {https://doi.org/10.1007/b83278},
}

@book {BFOR,
    AUTHOR = {Bringmann, Kathrin and Folsom, Amanda and Ono, Ken and Rolen,
              Larry},
     TITLE = {Harmonic {M}aass forms and mock modular forms: theory and
              applications},
    SERIES = {American Mathematical Society Colloquium Publications},
    VOLUME = {64},
 PUBLISHER = {American Mathematical Society, Providence, RI},
      YEAR = {2017},
     PAGES = {xv+391},
      ISBN = {978-1-4704-1944-8},
   MRCLASS = {11F03 (11F11 11F27 11F30 11F37 11F50 11P81 11P82)},
  MRNUMBER = {3729259},
MRREVIEWER = {Jeremy Lovejoy},
       DOI = {10.1090/coll/064},
       URL = {https://doi.org/10.1090/coll/064},
}

@article {Borcherds,
    AUTHOR = {Borcherds, Richard E.},
     TITLE = {Automorphic forms with singularities on {G}rassmannians},
   JOURNAL = {Invent. Math.},
  FJOURNAL = {Inventiones Mathematicae},
    VOLUME = {132},
      YEAR = {1998},
    NUMBER = {3},
     PAGES = {491--562},
      ISSN = {0020-9910},
   MRCLASS = {11F37 (11F22 14J28 17B67 57R57)},
  MRNUMBER = {1625724},
MRREVIEWER = {I. Dolgachev},
       DOI = {10.1007/s002220050232},
       URL = {https://doi.org/10.1007/s002220050232},
}
@article {DT,
    AUTHOR = {Deloup, Florian and Turaev, Vladimir},
     TITLE = {On reciprocity},
   JOURNAL = {J. Pure Appl. Algebra},
  FJOURNAL = {Journal of Pure and Applied Algebra},
    VOLUME = {208},
      YEAR = {2007},
    NUMBER = {1},
     PAGES = {153--158},
      ISSN = {0022-4049},
   MRCLASS = {57R56 (11L05 57M27)},
  MRNUMBER = {2269836},
       DOI = {10.1016/j.jpaa.2005.12.008},
       URL = {https://doi.org/10.1016/j.jpaa.2005.12.008},
}

@book{高瀬,
title={保型形式とユニタリ表現（数学の杜 $2$）},
author={高瀬幸一},
publisher={数学書房},
year={2014},
language={日本語},
}@article {DT,
    AUTHOR = {Deloup, Florian and Turaev, Vladimir},
     TITLE = {On reciprocity},
   JOURNAL = {J. Pure Appl. Algebra},
  FJOURNAL = {Journal of Pure and Applied Algebra},
    VOLUME = {208},
      YEAR = {2007},
    NUMBER = {1},
     PAGES = {153--158},
      ISSN = {0022-4049},
   MRCLASS = {57R56 (11L05 57M27)},
  MRNUMBER = {2269836},
       DOI = {10.1016/j.jpaa.2005.12.008},
       URL = {https://doi.org/10.1016/j.jpaa.2005.12.008},
}

@article {GPPV,
    AUTHOR = {Gukov, Sergei and Pei, Du and Putrov, Pavel and Vafa, Cumrun},
     TITLE = {B{PS} spectra and 3-manifold invariants},
   JOURNAL = {J. Knot Theory Ramifications},
  FJOURNAL = {Journal of Knot Theory and its Ramifications},
    VOLUME = {29},
      YEAR = {2020},
    NUMBER = {2},
     PAGES = {2040003, 85},
      ISSN = {0218-2165},
   MRCLASS = {57K31},
  MRNUMBER = {4089709},
       DOI = {10.1142/S0218216520400039},
       URL = {https://doi.org/10.1142/S0218216520400039},
}

@incollection {LZ,
    AUTHOR = {Lawrence, Ruth and Zagier, Don},
     TITLE = {Modular forms and quantum invariants of {$3$}-manifolds},
      NOTE = {Sir Michael Atiyah: a great mathematician of the twentieth
              century},
   JOURNAL = {Asian J. Math.},
  FJOURNAL = {Asian Journal of Mathematics},
    VOLUME = {3},
      YEAR = {1999},
    NUMBER = {1},
     PAGES = {93--107},
      ISSN = {1093-6106},
   MRCLASS = {11F23 (11F67 57M27 57N10)},
  MRNUMBER = {1701924},
MRREVIEWER = {Justin D. Roberts},
       DOI = {10.4310/AJM.1999.v3.n1.a5},
       URL = {https://doi.org/10.4310/AJM.1999.v3.n1.a5},
}

@incollection {Zagier_quantum,
    AUTHOR = {Zagier, Don},
     TITLE = {Quantum modular forms},
 BOOKTITLE = {Quanta of maths},
    SERIES = {Clay Math. Proc.},
    VOLUME = {11},
     PAGES = {659--675},
 PUBLISHER = {Amer. Math. Soc., Providence, RI},
      YEAR = {2010},
   MRCLASS = {11F99 (33D90 57M27)},
  MRNUMBER = {2757599},
MRREVIEWER = {Sander Zwegers},
}


@article {Hikami_Bries,
    AUTHOR = {Hikami, Kazuhiro},
     TITLE = {On the quantum invariant for the {B}rieskorn homology spheres},
   JOURNAL = {Internat. J. Math.},
  FJOURNAL = {International Journal of Mathematics},
    VOLUME = {16},
      YEAR = {2005},
    NUMBER = {6},
     PAGES = {661--685},
      ISSN = {0129-167X},
   MRCLASS = {57M27 (11F23 11F67 57N10 58J28)},
  MRNUMBER = {2153489},
MRREVIEWER = {Ruth Lawrence},
       DOI = {10.1142/S0129167X05003004},
       URL = {https://doi.org/10.1142/S0129167X05003004},
}

@article {Hikami_Seifert,
    AUTHOR = {Hikami, Kazuhiro},
     TITLE = {On the quantum invariants for the spherical {S}eifert
              manifolds},
   JOURNAL = {Comm. Math. Phys.},
  FJOURNAL = {Communications in Mathematical Physics},
    VOLUME = {268},
      YEAR = {2006},
    NUMBER = {2},
     PAGES = {285--319},
      ISSN = {0010-3616},
   MRCLASS = {58J28 (11F23 57M27)},
  MRNUMBER = {2259197},
       DOI = {10.1007/s00220-006-0094-1},
       URL = {https://doi.org/10.1007/s00220-006-0094-1},
}

@article {Hikami_mock_false,
    AUTHOR = {Hikami, K.},
     TITLE = {Mock (false) theta functions as quantum invariants},
   JOURNAL = {Regul. Chaotic Dyn.},
  FJOURNAL = {Regular \& Chaotic Dynamics. International Scientific Journal},
    VOLUME = {10},
      YEAR = {2005},
    NUMBER = {4},
     PAGES = {509--530},
      ISSN = {1560-3547},
   MRCLASS = {33D15 (11F27 57M27)},
  MRNUMBER = {2191375},
MRREVIEWER = {\Dbar \cftil{o} Ng\d{o}c Di\cfudot{e}p},
       DOI = {10.1070/RD2005v010n04ABEH000328},
       URL = {https://doi.org/10.1070/RD2005v010n04ABEH000328},
}

@article {Hikami_vol_conj,
    AUTHOR = {Hikami, Kazuhiro},
     TITLE = {Volume conjecture and asymptotic expansion of {$q$}-series},
   JOURNAL = {Experiment. Math.},
  FJOURNAL = {Experimental Mathematics},
    VOLUME = {12},
      YEAR = {2003},
    NUMBER = {3},
     PAGES = {319--337},
      ISSN = {1058-6458},
   MRCLASS = {57M27 (11B65 33D15 57M50)},
  MRNUMBER = {2034396},
MRREVIEWER = {Hitoshi Murakami},
       URL = {http://projecteuclid.org/euclid.em/1087329235},
}

@article {Hikami_AGid,
    AUTHOR = {Hikami, Kazuhiro},
     TITLE = {{$q$}-series and {$L$}-functions related to half-derivatives
              of the {A}ndrews-{G}ordon identity},
   JOURNAL = {Ramanujan J.},
  FJOURNAL = {Ramanujan Journal. An International Journal Devoted to the
              Areas of Mathematics Influenced by Ramanujan},
    VOLUME = {11},
      YEAR = {2006},
    NUMBER = {2},
     PAGES = {175--197},
      ISSN = {1382-4090},
   MRCLASS = {11B65 (11M06 57M27)},
  MRNUMBER = {2267673},
MRREVIEWER = {Jorge Jim\'{e}nez-Urroz},
       DOI = {10.1007/s11139-006-6506-1},
       URL = {https://doi.org/10.1007/s11139-006-6506-1},
}

@article {Hikami_Hecke,
    AUTHOR = {Hikami, Kazuhiro},
     TITLE = {Hecke type formula for unified {W}itten-{R}eshetikhin-{T}uraev
              invariants as higher-order mock theta functions},
   JOURNAL = {Int. Math. Res. Not. IMRN},
  FJOURNAL = {International Mathematics Research Notices. IMRN},
      YEAR = {2007},
    NUMBER = {7},
     PAGES = {Art. ID rnm 022, 32},
      ISSN = {1073-7928},
   MRCLASS = {57M27 (33D15)},
  MRNUMBER = {2345342},
MRREVIEWER = {Hitoshi Murakami},
       DOI = {10.1093/imrn/rnm022},
       URL = {https://doi.org/10.1093/imrn/rnm022},
}

@article {Hikami_Lovejoy_Hecke,
    AUTHOR = {Hikami, Kazuhiro and Lovejoy, Jeremy},
     TITLE = {Hecke-type formulas for families of unified
              {W}itten-{R}eshetikhin-{T}uraev invariants},
   JOURNAL = {Commun. Number Theory Phys.},
  FJOURNAL = {Communications in Number Theory and Physics},
    VOLUME = {11},
      YEAR = {2017},
    NUMBER = {2},
     PAGES = {249--272},
      ISSN = {1931-4523},
   MRCLASS = {33C20 (33D15 57M27)},
  MRNUMBER = {3690250},
MRREVIEWER = {Qi Chen},
       DOI = {10.4310/CNTP.2017.v11.n2.a1},
       URL = {https://doi.org/10.4310/CNTP.2017.v11.n2.a1},


@article{FIMT,
title = "Witten–Reshetikhin–Turaev Function for a Knot in Seifert Manifolds",
author = "Hiroyuki Fuji and Kohei Iwaki and Hitoshi Murakami and Yuji Terashima",
year = "2021",
doi = "10.1007/s00220-021-03953-y",
language = "English",
journal = "Communications in Mathematical Physics",
issn = "0010-3616",
publisher = "Springer New York",
}

@article {BMM,
    AUTHOR = {Bringmann, Kathrin and Mahlburg, Karl and Milas, Antun},
     TITLE = {Higher depth quantum modular forms and plumbed 3-manifolds},
   JOURNAL = {Lett. Math. Phys.},
  FJOURNAL = {Letters in Mathematical Physics},
    VOLUME = {110},
      YEAR = {2020},
    NUMBER = {10},
     PAGES = {2675--2702},
      ISSN = {0377-9017},
   MRCLASS = {11F27 (11F23 11F37 14N35 57K16 57K31 57R56)},
  MRNUMBER = {4146949},
       DOI = {10.1007/s11005-020-01310-z},
       URL = {https://doi.org/10.1007/s11005-020-01310-z},
}

@article {BMM_Seifert,
    AUTHOR = {Bringmann, Kathrin and Mahlburg, Karl and Milas, Antun},
     TITLE = {Quantum modular forms and plumbing graphs of 3-manifolds},
   JOURNAL = {J. Combin. Theory Ser. A},
  FJOURNAL = {Journal of Combinatorial Theory. Series A},
    VOLUME = {170},
      YEAR = {2020},
     PAGES = {105145, 32},
      ISSN = {0097-3165},
   MRCLASS = {11F23 (11F27 11F37 17B45 57M27)},
  MRNUMBER = {4015713},
MRREVIEWER = {Jeremy Lovejoy},
       DOI = {10.1016/j.jcta.2019.105145},
       URL = {https://doi.org/10.1016/j.jcta.2019.105145},
}

@article {BKM,
    AUTHOR = {Bringmann, Kathrin and Kaszian, Jonas and Milas, Antun},
     TITLE = {Higher depth quantum modular forms, multiple {E}ichler
              integrals, and {$\mathfrak{sl}_3$} false theta functions},
   JOURNAL = {Res. Math. Sci.},
  FJOURNAL = {Research in the Mathematical Sciences},
    VOLUME = {6},
      YEAR = {2019},
    NUMBER = {2},
     PAGES = {Paper No. 20, 41},
      ISSN = {2522-0144},
   MRCLASS = {11F27 (17B69)},
  MRNUMBER = {3919493},
MRREVIEWER = {Yichao Zhang},
       DOI = {10.1007/s40687-019-0182-4},
       URL = {https://doi.org/10.1007/s40687-019-0182-4},
}

@article {BKM_vector,
    AUTHOR = {Bringmann, Kathrin and Kaszian, Jonas and Milas, Antun},
     TITLE = {Vector-valued higher depth quantum modular forms and higher
              {M}ordell integrals},
   JOURNAL = {J. Math. Anal. Appl.},
  FJOURNAL = {Journal of Mathematical Analysis and Applications},
    VOLUME = {480},
      YEAR = {2019},
    NUMBER = {2},
     PAGES = {123397, 22},
      ISSN = {0022-247X},
   MRCLASS = {11F37 (11F22 11F27)},
  MRNUMBER = {4000083},
MRREVIEWER = {Jeremy Lovejoy},
       DOI = {10.1016/j.jmaa.2019.123397},
       URL = {https://doi.org/10.1016/j.jmaa.2019.123397},
}

@article{MM,
  title={Witten--{R}eshetikhin--{T}uraev invariants, homological blocks, and quantum modular forms},
  author={Akihito Mori and Yuya Murakami},
  journal={arXiv:2110.10958},
  year={2021}
}

@article{M_plumbed,
  title={Witten--{R}eshetikhin--{T}uraev invariants and homological blocks for plumbed homology spheres},
  author={Yuya Murakami},
  note={arXiv:2205.01282},
  year={2022},
}

@incollection{Zwegers_mock_theta,
    AUTHOR = {Zwegers, S. P.},
     TITLE = {Mock {$\theta$}-functions and real analytic modular forms},
 BOOKTITLE = {{$q$}-series with applications to combinatorics, number
              theory, and physics ({U}rbana, {IL}, 2000)},
    SERIES = {Contemp. Math.},
    VOLUME = {291},
     PAGES = {269--277},
 PUBLISHER = {Amer. Math. Soc., Providence, RI},
      YEAR = {2001},
   MRCLASS = {11F27 (33D15)},
  MRNUMBER = {1874536},
MRREVIEWER = {Bruce C. Berndt},
       DOI = {10.1090/conm/291/04907},
       URL = {https://doi.org/10.1090/conm/291/04907},
}

@phdthesis {Zwegers_thesis,
    AUTHOR = {Zwegers, S. P.},
     TITLE = {Mock theta functions},
	 SCHOOL = {Universiteit Utrecht},
      YEAR = {2002},
}


@inproceedings {Neumann_Lecture,
    AUTHOR = {Neumann, Walter D.},
     TITLE = {An invariant of plumbed homology spheres},
 BOOKTITLE = {Topology {S}ymposium, {S}iegen 1979 ({P}roc. {S}ympos.,
              {U}niv. {S}iegen, {S}iegen, 1979)},
    SERIES = {Lecture Notes in Math.},
    VOLUME = {788},
     PAGES = {125--144},
 PUBLISHER = {Springer, Berlin},
      YEAR = {1980},
   MRCLASS = {57R90 (57Q15)},
  MRNUMBER = {585657},
MRREVIEWER = {Louis H. Kauffman},
}

@article {Neumann_work,
    AUTHOR = {Neumann, Walter D.},
     TITLE = {A calculus for plumbing applied to the topology of complex
              surface singularities and degenerating complex curves},
   JOURNAL = {Trans. Amer. Math. Soc.},
  FJOURNAL = {Transactions of the American Mathematical Society},
    VOLUME = {268},
      YEAR = {1981},
    NUMBER = {2},
     PAGES = {299--344},
      ISSN = {0002-9947},
   MRCLASS = {32B30 (14J17 32J15 57N10)},
  MRNUMBER = {632532},
MRREVIEWER = {Anatoly Libgober},
       DOI = {10.2307/1999331},
       URL = {https://doi.org/10.2307/1999331},
}

@article {Reshetikhin-Turaev,
    AUTHOR = {Reshetikhin, N. and Turaev, V. G.},
     TITLE = {Invariants of {$3$}-manifolds via link polynomials and quantum
              groups},
   JOURNAL = {Invent. Math.},
  FJOURNAL = {Inventiones Mathematicae},
    VOLUME = {103},
      YEAR = {1991},
    NUMBER = {3},
     PAGES = {547--597},
      ISSN = {0020-9910},
   MRCLASS = {57N10 (17B37 57M25 81R50)},
  MRNUMBER = {1091619},
MRREVIEWER = {Louis H. Kauffman},
       DOI = {10.1007/BF01239527},
       URL = {https://doi.org/10.1007/BF01239527},
}

@article {AM,
    AUTHOR = {Andersen, J. and Mistegård, W.},
     TITLE = {Resurgence Analysis of Quantum Invariants of {S}eifert Fibered Homology Spheres},
      YEAR = {2020},
      MONTH = {September},
      note = {arXiv:1811.05376v3},
       URL = {https://arxiv.org/abs/1811.05376v3},
}

@article{Matsusaka-Terashima,
  title={Modular transformations of homological blocks for {S}eifert fibered homology $3$-spheres},
  author={Toshiki Matsusaka and Yuji Terashima},
  journal={arXiv:2112.06210},
  year={2021}
}

@inbook {Zagier_asymptotic,
    AUTHOR = {Zagier, D.},
     TITLE = {The Mellin transform and other useful analytic techniques},
 BOOKTITLE = {Appendix to E. Zeidler, Quantum Field Theory {I}: {B}asics in Mathematics and Physics. {A} Bridge Between Mathematicians and Physicists},
     PAGES = {305-323},
 PUBLISHER = {Springer, Berlin},
      YEAR = {2006},
}

@book {Ono_web,
    AUTHOR = {Ono, Ken},
     TITLE = {The web of modularity: arithmetic of the coefficients of
              modular forms and {$q$}-series},
    SERIES = {CBMS Regional Conference Series in Mathematics},
    VOLUME = {102},
 PUBLISHER = {Published for the Conference Board of the Mathematical
              Sciences, Washington, DC; by the American Mathematical
              Society, Providence, RI},
      YEAR = {2004},
     PAGES = {viii+216},
      ISBN = {0-8218-3368-5},
   MRCLASS = {11F30 (05A30 11F11 11F37)},
  MRNUMBER = {2020489},
MRREVIEWER = {Kevin L. James},
}

@article{Watson,
  title={The final problem: an account of the mock theta functions},
  author={Watson, George N},
  journal={Journal of the London Mathematical Society},
  volume={1},
  number={1},
  pages={55--80},
  year={1936},
  publisher={Oxford Academic}
}

@article{Andrews_5_7,
  title={The fifth and seventh order mock theta functions},
  author={Andrews, George E},
  journal={Transactions of the American Mathematical Society},
  volume={293},
  number={1},
  pages={113--134},
  year={1986}
}

@article{Andrews_combi,
  title={Combinatorics and {R}amanujan's ``Lost'' Notebooks},
  author={Andrews, George E},
  journal={Surveys in Combinatorics},
  volume={103},
  number={1},
  pages={1--24},
  year={1985},
  series = {London Mathematical Society Lecture Note Series},
  publisher={Cambridge University Press}
}

@book{整数の分割,
  title={整数の分割},
  author={Andrews, George E and Eriksson, Kimmo},
  year={2006},
  publisher={数学書房}
  note = {佐藤文広 訳}
}

@book{魅惑,
  title={魅惑のロジャーズ-ラマヌジャン恒等式},
  author={Sills, Andrew V},
  year={2021},
  publisher={共立出版}
  note = {髙瀬 幸一 訳}
}

@article{Rogers,
  title={On two theorems of combinatory analysis and some allied identities},
  author={Rogers, Leonard James},
  journal={Proceedings of the London Mathematical Society},
  volume={2},
  number={1},
  pages={315--336},
  year={1917},
  publisher={Oxford Academic}
}

@book{DS,
	title = {A First Course in Modular Forms},
	author = {Diamond, F. and Shurman, J.},
	year = {2005},
	publisher = {Springer-Verlag New York},
	series = {Graduate Texts in Mathematics},
	volume = {228}
}

@book{1-2-3,
  title={The 1-2-3 of modular forms: lectures at a summer school in Nordfjordeid, Norway},
  author={Bruinier, Jan Hendrik and Van der Geer, Gerard and Harder, G{\"u}nter and Zagier, Don},
  year={2008},
  publisher={Springer Science \& Business Media}
}



@article{Hecke,
    AUTHOR = {Hecke, E.},
     TITLE = {Zur {T}heorie der elliptischen {M}odulfunktionen},
   JOURNAL = {Math. Ann.},
  FJOURNAL = {Mathematische Annalen},
    VOLUME = {97},
      YEAR = {1927},
    NUMBER = {1},
     PAGES = {210--242},
      ISSN = {0025-5831},
   MRCLASS = {DML},
  MRNUMBER = {1512360},
       DOI = {10.1007/BF01447866},
       URL = {https://doi.org/10.1007/BF01447866},
}